@article{you2011network,
  title={Network topology and communication data rate for consensusability of discrete-time multi-agent systems},
  author={You, Keyou and Xie, Lihua},
  journal={IEEE Transactions on Automatic Control},
  volume={56},
  number={10},
  pages={2262--2275},
  year={2011},
  publisher={IEEE}
}

@book{behrouz2004data,
  title={Data communications and Networking},
  author={Behrouz A.. Forouzan},
  year={2004},
  publisher={McGraw-Hill}
}